
@article{empty,
author = {x},
title = {x},
journal = {x},
volume = {0000000},
pages = {0000000},
year = {0000000}
}

@article{muninn,
author = { J Ferkinghoff-Borg},
title = {Optimized Monte Carlo analysis for generalized ensembles},
journal = {Eur. Phys. J. B},
volume = {29},
pages = {481-482},
year = {2002}
}


@article{dunbrack,
author = {R L Dunbrack and F E Cohen},
title = {Bayesian statistical analysis of protein side-chain rotamer preferences},
journal = {Protein Sci.},
volume = {6},
pages = {1661-1684},
year = {1997}
}


@article{engh-huber,
author = {R A Engh and R Huber},
title = {Accurate bond and angle parameters for X-ray protein structure refinement},
journal = {Acta Cryst.},
volume = {A47},
pages = {392-400},
year = {1991}
}

@article{rosetta,
author = {Rohl, C. A. and Strauss, C. E. and Misura, K. M. and Baker, D.},
title = {Protein structure prediction using Rosetta Methods},
journal = {Enzymol.},
volume = {383},
pages = {66-93},
year = {2004}
}

@article{evfold,
author = {D S Marks and L J Colwell and R Sheridan and T A Hopf and A Pagnani and R Zecchina and C Sander},
title = {Protein 3D structure computed from evolutionary sequence variation},
journal = {PLoS ONE},
volume = {6},
pages = {e28766},
year = {2011}
}

@article{mumu,
author = {K E Johansson  and T Hamelryck },
title = {A simple probabilistic model of multibody interactions in proteins.},
journal = {Proteins},
volume = {81},
pages = {1340-1350},
year = {2013}
}

@article{adaptnmr,
author = {Bahrami, A. and Tonelli, M. and Sahu, S.C. and Singarapu, K.K. and Eghbalnia, H.R. and Markley, J.L.},
title = {Robust, integrated computational control of NMR experiments to achiev    e optimal assignment by ADAPT-NMR.},
journal = {PLoS ONE},
volume = {7},
pages = {e33173},
year = {2012}
}

@article{BASILISK,
    author = {T Harder and W Boomsma and M Paluszewski and J Frellesen and K E Johansson and T Hamelryck},
    journal = {BMC Bioinformatics},
    pages = {306-318},
    volume = {11},
    title = {Beyond rotamers: a generative, probabilistic model of side chains in proteins},
    year = {2010},
}


@article{LangePNAS2012,
author = {O F Lange and P Rossi and N G Sgourakis and Y Song and H-W Lee and J M Arami and A Ertekin and R Xiao and T B Acton and G T Montelione and D Baker},
title = {Determination of solution structures of proteins
up to 40 kDa using CS-Rosetta with sparse
NMR data from deuterated samples},
journal = {Proc. Natl. Acad. Sci.},
volume = {109},
pages = {10973-10878},
year = {2012}
}

@article{Lange2012,
author = {O F Lange and D Baker},
title = {Resolution-adapted recombination of structural features significantly improves sampling in restraint-guided structure calculation},
journal = {Proteins},
volume = {80},
pages = {884-895},
year = {2012}
}


@ARTICLE{Baker2010,
  author = {Raman, S. and Lange, O. and Rossi, P. and Tyka, M. and Wang, X. and Aramini, J. and Liu, G. and Ramelot, T.A. and Eletsky, A. and Szyperski, T. and Kennedy, M. A. and Prestegard, J. and Montelione, G. T. and Baker, D.},
  title = {Rapid protein fold determination using unassigned NMR data},
  journal = {Science},
  year = {2010},
  volume = {327},
  pages = {1014-1018}
}


@article{xray,
author = {A Warke and C Momany},
title = {Addressing the Protein Crystallization Bottleneck By Cocrystallization},
journal = {Cryst. Growth Des.},
volume = {7},
pages = {2219-2225},
year = {2007}
}

@article{robustelli2009,
author = {P Robustelli and A Cavalli and C M Dobsom and M Vendruscolo and X Salvatella},
title = {Folding of small proteins by Monte Carlo simulations with chemical shift restraints without the use of molecular fragment replacement or structural homology.},
journal = {J. Phys. Chem. B},
volume = {113},
pages = {7890-7896},
year = {2009}
}


@article{cheshire,
author = {A Cavalli and X Salvatella and C M Dobson and M Vendruscolo},
title = {Protein structure determination from NMR chemical shifts},
journal = {Proc. Natl. Acad. Sci.},
volume = {104},
pages = {9615-9620},
year = {2007}
}

@article{JackLevitt,
author = {A Jack and M Levitt},
title = {Refinement of Large Structures by Simultaneous Minimization of Energy and R Factor},
journal = {Acta. Cryst.},
volume = {A34},
pages = {931-935},
year = {1978}
}

@article{BakerBax,
author = {Y Shen and O Lange and F Delaglio and J M Aramini and G Liu and A Eletsky and Y Wu and K K Singarapu and A Lemak and A Ignatchenk and C H Arrowsmith and T Szyperski and G T Montelione and D Baker and A Bax},
title = {Consistent blind protein structure generation
from NMR chemical shift data},
journal = {Proc. Natl. Acad. Sci.},
volume = {105},
pages = {468-4690},
year = {2008}
}

@article{CSMD,
author = {P Robustelli and K Kohlhoff and A Cavalli and M Vendruscolo},
title = {Using NMR Chemical Shifts as Structural Restraints in Molecular Dynamics Simulations of Proteins},
journal = {Structure},
volume = {18},
pages = {923-933},
year = {2010}
}


@article{dssp,
author = {W Kabsch and C Sander},
title = {Dictionary of protein secondary structure: pattern recognition of hydrogen-bonded and geometrical features},
journal = {Biopolymers},
volume = {22},
pages = {2577-2637},
year = {1983}
}

@article{wagner,
author = {G Wagner and A Pardi and K Wuethrich},
title = {Hydrogen bond length and proton NMR chemical shifts in proteins},
journal = {Journal of the American Chemical Society},
volume = {105},
pages = {5948-5949},
year = {1983}
}

@article{Filatov,
author = {F A A Mulder and M Filatov},
journal = {Chem. Soc. Rev.},
volume = {395},
pages = {578-590},
title = {Ab initio {NMR} chemical shift data and shielding calculations: Emerging tools for protein structure determination},
year = {2010},
}

@ARTICLE{Osapay1991,
  author = {\"Osapay, K. and Case, D. A.},
  title = {A New Analysis of Proton Chemical Shifts in Proteins},
  journal = {J. Am. Chem. Soc.},
  year = {1991},
  volume = {111},
  pages = {9436-9444},
}


@article{XuCase2001,
author = { X-P Xu and  D A Case},
journal = {J. Biomol. NMR.},
pages = {321-333},
title = {Automated prediction of $^{15}${N}, $^{13}${C}$^{\alpha}$, $^{13}${C}$^\beta$ and $^{13}${C} chemical shifts in proteins using a density functional database},
volume = {21},
year = {2001},
}

@article{MoonCase2007,
author = {S Moon and D A Case},
journal = {J. Biomol. NMR.},
pages = {139-150},
title = {A new model for chemical shifts of amide hydrogens in proteins},
volume = {38},
year = {2001}
}

@article{sparta,
author = {Y Shen and A Bax},
journal = {J. Biomol. NMR.},
pages = {289-302},
title = {Protein backbone chemical shifts predicted from searching a database for torsion angle and sequence homology},
volume = {38},
year = {2007},
}

@article{SHIFTX,
author = {S Neal and A M Nip and H Zhang and D S Wishart},
journal = {J. Biomol. NMR.},
pages = {215-240},
title = {Rapid and accurate calculation of protein $^1$H and $^{13}${C} and $^{15}${N} chemical shifts},
volume = {26},
year = {2003},
}

@article{PROSHIFT,
author = {J Meiler},
journal = {J. Biomol. NMR.},
pages = {25-37},
title = {{PROSHIFT:} {P}rotein chemical shift prediction using artificial neural networks},
volume = {26},
year = {2003},
}

@article{CamShift,
author = {K J Kohlhoff and P Robustelli and A Cavalli and X Salvatella and M Vendruscolo},
journal = {J. Am. Chem. Soc.},
pages = {13894-13895},
title = {Fast and Accurate Predictions of Protein {NMR} Chemical Shifts from Interatomic Distances},
volume = {131},
year = {2009},
}

@article{WishartCase,
author = {D Wishart and D A Case},
journal = {Methods. Enzymol.},
pages = {3-34},
title = {Use of chemical shifts in macromolecular structure determination},
volume = {338},
year = {2001},
}

@book{Case2013,
author = {D A Case},
journal = {Curr Opin Struct Biol},
title = {Chemical Shifts in biomolecules},
year = {2013},
volume = {23},
pages = {172-176},
}

@article{Parker,
author = {L L Parker and A R Houk and J H Jensen},
journal = {J. Am. Chem. Soc.},
pages = {9863-9872},
title = {Cooperative Hydrogen Bonding Effects Are Key Determinants of Backbone Amide Proton Chemical Shifts in Proteins},
volume = {128},
year = {2006},
}

@article{Barfield,
author = {M Barfield},
journal = {J. Am. Chem. Soc.},
title = {Structural Dependencies of Interresidue Scalar Coupling $^{\mathrm{h3}}$\textit{J}$_{\mathrm{NC'}}$ and Donor $^1${H} Chemical Shifts in the Hydrogen Bonding Regions of Proteins.},
pages = {4158-4168},
volume = {124},
year = {2002},

}

@article{CheShift1,
author = {J A Vila and H A Scheraga},
journal = {Acc. Chem. Res.},
pages = {1545-1553},
title = {Assessing the accuracy of protein structures by quantum mechanical computations of 13{C}(alpha) chemical shifts},
volume = {42},
year = {2009},
}

@article{CheShift2,
author = {J A Vila and Y A Arnautova and O A Martin and H A Scheraga},
journal = {Proc. Natl. Acad. Sci.},
pages = {16972-16977},
title = {Quantum-Mechanics-Derived {13Ca} Chemical Shift Server (CheShift) for Protein Structure Validation.},
volume = {106},
year = {2009},
}

@ARTICLE{Phaistos_oldest,
  Author = {Borg, M. and Boomsma, W. and Ferkinghoff-Borg, J. and Frellesen, J. and Harder, T. and Mardia, K. V. and Rogen, P. and Stovgaard, K. and Hamelryck, T.},
  title = {A probabilistic approach to protein structure prediction: Phaistos in CASP8},
  journal = {Proceedings of the 28th Leeds Annual Statistical Research Workshop, Dept. Stat., Univ. Leeds},
  year = {2009},
}


@article{Phaistos_old,
author = {W Boomsma et al},
journal = {J. Comp. Chem.},
title = {{PHAISTOS:} A Framework for Markov Chain Monte Carlo Simulation and Inference of Protein Structure},
volume = {(in press)},
year = {2013},
doi = {10.1002/jcc.23292},
}

@article{Phaistos,
author = {Boomsma, Wouter and Frellsen, Jes and Harder, Tim and Bottaro, Sandro and Johansson, Kristoffer E. and Tian, Pengfei and Stovgaard, Kasper and Andreetta, Christian and Olsson, Simon and Valentin, Jan B. and Antonov, Lubomir D. and Christensen, Anders S. and Borg, Mikael and Jensen, Jan H. and Lindorff-Larsen, Kresten and Ferkinghoff-Borg, Jesper and Hamelryck, Thomas},
title = {{PHAISTOS:} A framework for Markov chain Monte Carlo simulation and inference of protein structure},
journal = {J. of Comp. Chem.},
issn = {1096-987X},
url = {http://dx.doi.org/10.1002/jcc.23292},
doi = {10.1002/jcc.23292},
volume = {00},
pages = {000-000, DOI: 10.1002/jcc.23292},
year = {2013},
}

@article{Rieping2005,
author = {W Rieping and M Habeck and M Nilges},
journal = {Science},
pages = {303-306},
title = {Inferential Structure Determination},
volume = {308},
year = {2005},
}

@article{OPLS,
author = {G A Kaminski and R A Friesner},
journal = {J. Phys. Chem. B},
pages = {6474-6487},
title = {Evaluation and Reparametrization of the {OPLS-AA} Force Field for Proteins via Comparison with Accurate Quantum Chemical Calculations on Peptides},
volume = {105},
year = {2001},
}

@article{gbsa,
author = {D Qiu and P S Shenkin and F P Hollinger and W C Still},
journal = {J. Phys. Chem. A},
pages = {3005-3014},
title = {The {GB/SA} Continuum Model for Solvation: {A} Fast Analytical Method for the Calculation of Approximate Born Radii},
volume = {101},
year = {1997},
unidentified = {\em }},
}

@article{Czinki2004,
author = {E Czinki and A G Cs\'asz\'ar},
journal = {J. Mol. Struct. (THEOCHEM)},
pages = {107-116},
title = {On {NMR} isotropic chemical shift surfaces of peptide models},
volume = {675},
year = {2004},
}

@article{Rablen,
author = {P R Rablen and S A Pearlman and J Finkbiner},
journal = {J. Phys. Chem. A},
pages = {7357-7363},
title = {A Comparison of Density Functional Methods for the Estimation of Proton Chemical Shifts with Chemical Accuracy},
volume = {103},
year = {1999},
}

@article{Pople1,
author = {J A Pople},
journal = {J. Chem. Phys.},
title = {Proton Magnetic Resonance of Hydrocarbons},
volume = {24},
pages = {1111},
year = {1956},
}

@article{Pople2,
author = {J A Pople},
journal = {Mol. Phys.},
pages = {175-180},
title = {Molecular Orbital Theory of Aromatic Ring Currents},
volume = {1},
year = {1958},
}

@misc{numpy,
title = {Num{P}y},
author = {T Oliphant},
note = { \url{http://www.numpy.org/} (Accssed 10 December 2013)},
year = {2006},
}

@article{Babel,
author = {N M O'Boyle and M Banck and C A James a C Morley and T Vandermeersch and G R Hutchinson },
journal = {Journal of Cheminformatics},
pages = {33-46},
volume = {3},
title = {Open Babel: An open chemical toolbox},
year = {2011},
}





@article{ProCS,
author = {A S Christensen and T E Linnet and M Borg and W Boomsma and K Lindorff-Larsen and T Hamelryck and J H Jensen},
journal = {PLOS ONE},
pages = {(In press)},
title = {Protein structure validation and refinement using amide proton chemical shifts derived from quantum mechanics},
year = {2013},
}


@article{Christensen2011,
author = {A S Christensen and S P A Sauer and J H Jensen},
journal = {J. Chem. Theory Comput.},
pages = {2078-2084},
title = {Definitive Benchmark Study of Ring Current Effects on Amide Proton Chemical Shifts},
volume = {7},
year = {2011},
}

@article{1et1,
author = {Jin, Lei and Briggs, Stephen L. and Chandrasekhar, Srinivasan and Chirgadze, Nickolay Y. and Clawson, David K. and Schevitz, Richard W. and Smiley, David L. and Tashjian, Armen H. and Zhang, Faming}, 
journal = {J. Biol. Chem.},
pages = {27238-27244},
title = {Crystal Structure of Human Parathyroid Hormone 1-34 at 0.9 {\AA} Resolution},
volume = {275},
year = {2000},
}

@article{SPARTAPLUS,
author = {Y Shen and A Bax},
journal = {J. Biomol. NMR},
pages = {13-22},
title = {{SPARTA+:} a modest improvement in empirical {NMR} chemical shift prediction by means of an artificial neural network},
volume = {48},
year = {2010},
}

@article{Jain,
author = {R Jain and T Bally and P R Rablen},
journal = {J. Org. Chem.},
pages = {4017-4023},
title = {Calculating Accurate Proton Chemical Shifts of Organic Molecules with Density Functional Methods and Modest Basis Sets},
volume = {74},
year = {2009},
}

@article{Torus08,
  Author         = {Boomsma, W. and Mardia, KV. and Taylor, CC. and
  Ferkinghoff-Borg, J. and Krogh, A. and Hamelryck, T.},
  Title          = {A generative, probabilistic model of local protein structure.},
  Journal        = {Proc. Natl. Acad. USA},
  Volume         = {105},
  Pages          = {8932-8937},
  year           = {2008}
}


@article{crisp,
author = {S Bottaro and W Boomsma and K E Johansson and C Andreetta and T W Hamleryck and J Ferkinghoff-Borg},
journal = {J. Chem. Theory Comput.},
pages = {695-702},
title = {Subtle Monte Carlo updates in dense molecular systems},
volume = {8},
year = {2011},
}

@article{Cordier,
author = {F Cordier and S Grzesiek},
journal = {J. Am. Chem. Soc.},
pages = {1601-1602},
title = {Direct Observation of Hydrogen Bonds in Proteins by Interresidue {3hJNC'} Scalar Couplings},
volume = {121},
year = {1999},
}

@article{pdb2pqr1,
author = {T J Dolinsky and J E Nielsen and J A McCammon and N A Baker},
journal = {Nucl. Acids. Res.},
pages = {W665-W667},
title = {{PDB2PQR:} an automated pipeline for the setup, execution, and analysis of Poisson-Boltzmann electrostatics calculations},
volume = {32},
year = {2004},
}

@article{pdb2pqr2,
author = {Dolinsky, Todd J. and Czodrowski, Paul and Li, Hui and Nielsen, Jens E. and Jensen, Jan H. and Klebe, Gerhard and Baker, Nathan A.}, 
journal = {Nucl. Acids. Res.},
pages = {W522-W525},
title = {{PDB2PQR:} Expanding and upgrading automated preparation of biomolecular structures for molecular simulations.},
volume = {35},
year = {2007},
}

@article{pmf,
author = {T Hamelryck and M Borg and M Paluszewski and J Paulsen and J Frellsen and C Andreetta and W Boomsma and S Bottaro and J Ferkinghoff-Borg},
journal = {PLoS ONE},
pages = {e13714},
title = {Potentials of Mean Force for Protein Structure Prediction Vindicated, Formalized and Generalized},
volume = {5},
year = {2010},
}

@article{PDB,
author = {Berman, Helen M. and Westbrook, John and Feng, Zukang and Gilliland, Gary and Bhat, T. N. and Weissig, Helge and Shindyalov, Ilya N. and Bourne, Philip E.}, 
journal = {Nucl. Acids. Res.},
pages = {235-242},
title = {The Protein Data Bank},
volume = {28},
year = {2000},
}

@article{propka,
author = {H Li and A D Robertson and J H Jensen},
journal = {Proteins},
pages = {704-721},
title = {Very Fast Empirical Prediction and Rationalization of Protein p\textit{K}$_\mathrm{a}$ Values},
volume = {61},
year = {2005},
}

@article{refdb,
author = {H Zhang and S Neal and D Wishart},
journal = {J. Biomol. NMR.},
pages = {173-195},
title = {{RefDB:} A database of uniformly referenced protein chemical shifts},
volume = {25},
year = {2003},
}

@article{bmrb,
author = {Eldon L. Ulrich and Hideo Akutsu  and  Jurgen F. Doreleijers and  Yoko Harano and  Yannis E. Ioannidis and  Jundong Lin and  Miron Livny and  Steve Mading and  Dimitri Maziuk and  Zachary Miller and  Eiichi Nakatani and  Christopher F. Schulte and  David E. Tolmie and R. Kent Wenger and  Hongyang Yao and  and John L. Markley},
journal = {Nucl. Acids. Res.},
pages = {402-408},
title = {BioMagResBank},
volume = {36},
year = {2008},
}

@article{rdc,
author = {J A Losonczi and   M Andrec and M W Fischer and J H Prestegard},
journal = {J. Magn. Reson.},
pages = {334–342},
title = {Order matrix analysis of residual dipolar couplings using singular value decomposition.},
volume = {138},
year = {1999},
}

@article{rdcensemble,
author = {K. Lindorff-Larsen and R. B. Best and M. A. DePristo and C. M. Dobson and M. Vendruscolo},
journal = {Nature},
pages = {128-132},
title = {Simultaneous determination of protein structure and dynamics},
volume = {433},
year = {2005},
}

@article{qfactor,
author = {A Bax},
journal = {Prot. Sci.},
pages = {1-16},
title = {Weak alignment offers new NMR opportunities to study protein structure and dynamcs.},
volume = {12},
year = {2003},
}

@article{Markwick,
author = {P R L Markwick and R Sprangers and M Sattler},
journal = {J. Am. Chem. Soc.},
pages = {644-645},
title = {Dynamic Effects on J-Couplings Across Hydrogen Bonds in Proteins.},
volume = {125},
year = {2003},
}

@article{Cornilescu,
author = {G Cornilescu and B E Ramirez and M K Frank and M G Clore and A M Gronenborn and A Bax},
journal = {J. Am. Chem. Soc.},
pages = {6275-6279},
title = {Correlation between $^{3h}J_{NC'}$ and Hydrogen Bond Length in Proteins .},
volume = {121},
year = {1999},
}

@misc{g09,
author={M. J. Frisch and G. W. Trucks and H. B. Schlegel and G. E. Scuseria and M. A. Robb and J. R. Cheeseman and G. Scalmani and V. Barone and B. Mennucci and G. A. Petersson and H. Nakatsuji and M. Caricato and X. Li and H. P. Hratchian and A. F. Izmaylov and J. Bloino and G. Zheng and J. L. Sonnenberg and M. Hada and M. Ehara and K. Toyota and R. Fukuda and J. Hasegawa and M. Ishida and T. Nakajima and Y. Honda and O. Kitao and H. Nakai and T. Vreven and Montgomery, {Jr.}, J. A. and J. E. Peralta and F. Ogliaro and M. Bearpark and J. J. Heyd and E. Brothers and K. N. Kudin and V. N. Staroverov and R. Kobayashi and J. Normand and K. Raghavachari and A. Rendell and J. C. Burant and S. S. Iyengar and J. Tomasi and M. Cossi and N. Rega and J. M. Millam and M. Klene and J. E. Knox and J. B. Cross and V. Bakken and C. Adamo and J. Jaramillo and R. Gomperts and R. E. Stratmann and O. Yazyev and A. J. Austin and R. Cammi and C. Pomelli and J. W. Ochterski and R. L. Martin and K. Morokuma and V. G. Zakrzewski and G. A. Voth and P. Salvador and J. J. Dannenberg and S. Dapprich and A. D. Daniels and \"O. Farkas and J. B. Foresman and J. V. Ortiz and J. Cioslowski and D. J. Fox},
year={2009},
title={Gaussian~09 {R}evision {D}.01},
note={Gaussian Inc. Wallingford CT 2009},
}
@misc{g03,
author = {M. J. Frisch and G. W. Trucks and H. B. Schlegel and G. E. Scuseria and
M. A. Robb and J. R. Cheeseman and Montgomery, Jr., J. A. and T. Vreven and
K. N. Kudin and J. C. Burant and J. M. Millam and S. S. Iyengar and J. Tomasi and
V. Barone and B. Mennucci and M. Cossi and G. Scalmani and N. Rega and
G. A. Petersson and H. Nakatsuji and M. Hada and M. Ehara and K. Toyota and
R. Fukuda and J. Hasegawa and M. Ishida and T. Nakajima and Y. Honda and O. Kitao and
H. Nakai and M. Klene and X. Li and J. E. Knox and H. P. Hratchian and J. B. Cross and
V. Bakken and C. Adamo and J. Jaramillo and R. Gomperts and R. E. Stratmann and
O. Yazyev and A. J. Austin and R. Cammi and C. Pomelli and J. W. Ochterski and
P. Y. Ayala and K. Morokuma and G. A. Voth and P. Salvador and J. J. Dannenberg and
V. G. Zakrzewski and S. Dapprich and A. D. Daniels and M. C. Strain and
O. Farkas and D. K. Malick and A. D. Rabuck and K. Raghavachari and
J. B. Foresman and J. V. Ortiz and Q. Cui and A. G. Baboul and S. Clifford and
J. Cioslowski and B. B. Stefanov and G. Liu and A. Liashenko and P. Piskorz and
I. Komaromi and R. L. Martin and D. J. Fox and T. Keith and M. A. Al-Laham and
C. Y. Peng and A. Nanayakkara and M. Challacombe and P. M. W. Gill and
B. Johnson and W. Chen and M. W. Wong and C. Gonzalez and J. A. Pople},
title = {Gaussian 03, \uppercase{R}evision \uppercase{C}.02},
note = {\uppercase{G}aussian, Inc., Wallingford, CT, 2004},
}



